@inproceedings{BirdListTh,
 author = {R. S. Bird},
 title = {An {I}ntroduction to the {T}heory of {L}ists},
 booktitle = {NATO Inst. on Logic of Progr. and Calculi of Discrete Design},
 year = {1987},
 isbnOPT = {0-387-18003-6},
 locationOPT = {Marktoberdorf, Germany},
 pages = {5--42},
 numpagesOPT = {38},
 urlOPT = {http://dl.acm.org/citation.cfm?id=42675.42676},
 acmidOPT = {42676},
 publisherOPT = {Springer-Verlag New York, Inc.},
 addressOPT = {New York, NY, USA},
}

@article{keller2010regular,
  title={Regular, {S}hape-{P}olymorphic, {P}arallel {A}rrays in {H}askell},
  author={Keller, Gabriele and Chakravarty, Manuel MT and Leshchinskiy, Roman and Peyton Jones, Simon and Lippmeier, Ben},
  journal={ACM Sigplan Notices},
  volume={45},
  number={9},
  pages={261--272},
  year={2010},
  publisher={ACM}
}

@InProceedings{Chak06DPH,
  author = 	 {{Manuel M. T.} Chakravarty  and Roman Leshchinskiy  and Simon Peyton Jones  and Gabriele Keller and Simon Marlow},
  title = 	 { Data {P}arallel {H}askell: {A} {S}tatus {R}eport},
  booktitleOPT={{DAMP'07, Workshop on Declarative Aspects of Multicore Programming}},
  booktitle={Int. Work. on Decl. Aspects of Multicore Prog. (DAMP)},
  pages = 	 {10--18},
  year = 	 {2007},
  locationOPT = 	 {Nice, France},
  publisherOPT = {ACM},
  addressOPT =   {New York},
  OPTnote = 	 {},
}

@INPROCEEDINGS{Moon99PredArrDataFlow,
    author = {Sungdo Moon and Mary W. Hall},
    title = {Evaluation of {P}redicated {A}rray {D}ata-{F}low
{A}nalysis for {A}utomatic {P}arallelization},
    booktitle = {Int. Symp. Princ. and Practice of Par. Prog. (PPoPP)},
    year = {1999},
    pages = {84--95}
}

@ARTICLE{Pugh98NonlinPresb,
    author = {William Pugh and David Wonnacott},
    title = {Constraint-{B}ased {A}rray {D}ependence {A}nalysis},
    journal = {Trans. on Prog. Lang. and Sys.},
    volume = {20(3)},
    pages = {635--678},
    year = {1998}
}
